@article{KenPeffers2007,
author = { Ken   Peffers  and  Tuure   Tuunanen  and  Marcus A.   Rothenberger  and  Samir   Chatterjee },
title = {A design science research methodology for information systems research},
journal = {Journal of Management Information Systems},
volume = {24},
number = {3},
pages = {45-77},
year  = {2007},
publisher = {Routledge},
doi = {10.2753/MIS0742-1222240302},
URL = {https://doi.org/10.2753/MIS0742-1222240302},
eprint = { https://doi.org/10.2753/MIS0742-1222240302}
}